@book{schandry2007biologische,
  title={Biologische Psychologie},
  author={Schandry, Rainer},
  year={2007}
}

@book{goodfellow2007deep,
  title={Deep Learning},
  author={Goodfellow, Ian and Bengio, Yoshua and Courville, Aaron},
  year={2017}
}

@book{seneta2006non,
  title={Non-negative matrices and Markov chains},
  author={Seneta, Eugene},
  year={2006},
  publisher={Springer Science \& Business Media}
}

@book{thomopoulos2012essentials,
  title={Essentials of Monte Carlo simulation: Statistical methods for building simulation models},
  author={Thomopoulos, Nick T},
  year={2012},
  publisher={Springer Science \& Business Media}
}

@book{bremaud2013markov,
  title={Markov chains: Gibbs fields, Monte Carlo simulation, and queues},
  author={Br{\'e}maud, Pierre},
  volume={31},
  year={2013},
  publisher={Springer Science \& Business Media}
}

@book{finger2001origins,
  title={Origins of neuroscience: a history of explorations into brain function},
  author={Finger, Stanley},
  year={2001},
  publisher={Oxford University Press, USA}
}

@book{baddeley2008physics,
  title={Physics and the Human Body: Stories of who Discovered what},
  author={Baddeley, Hiram},
  year={2008},
  publisher={Physics and the Human Body}
}

@book{schwartz1993computational,
  title={Computational neuroscience},
  author={Schwartz, Eric L},
  year={1993},
  publisher={Mit Press}
}

@book{deetjen2005repetitorium,
  title={Repetitorium Physiologie},
  author={Deetjen, Peter and Speckmann, Erwin-Josef and Hescheler, J{\"u}rgen},
  year={2005},
  publisher={Urban \& Fischer}
}

@phdthesis{van2001graph,
  title={Graph clustering by flow simulation},
  author={Van Dongen, Stijn Marinus},
  year={2001}
}

@incollection{bladt2017matrix,
  title={Matrix-Exponential Distributions},
  author={Bladt, Mogens and Nielsen, Bo Friis},
  booktitle={Matrix-Exponential Distributions in Applied Probability},
  pages={199--296},
  year={2017},
  publisher={Springer}
}

@misc{dale1935pharmacology,
  title={Pharmacology and nerve-endings},
  author={Dale, Henry},
  year={1935},
  publisher={SAGE Publications}
}

@inproceedings{pascanu2013difficulty,
  title={On the difficulty of training recurrent neural networks},
  author={Pascanu, Razvan and Mikolov, Tomas and Bengio, Yoshua},
  booktitle={International Conference on Machine Learning},
  pages={1310--1318},
  year={2013}
}

@article{geman1984stochastic,
  title={Stochastic relaxation, Gibbs distributions, and the Bayesian restoration of images},
  author={Geman, Stuart and Geman, Donald},
  journal={IEEE Transactions on pattern analysis and machine intelligence},
  number={6},
  pages={721--741},
  year={1984},
  publisher={IEEE}
}

@article{hastings1970monte,
  title={Monte Carlo sampling methods using Markov chains and their applications},
  author={Hastings, W Keith},
  journal={Biometrika},
  volume={57},
  number={1},
  pages={97--109},
  year={1970},
  publisher={Biometrika Trust}
}

@article{chamberland2012inhibitory,
  title={Inhibitory control of hippocampal inhibitory neurons},
  author={Chamberland, Simon and Topolnik, Lisa},
  journal={Frontiers in neuroscience},
  volume={6},
  year={2012},
  publisher={Frontiers Media SA}
}

@article{bunzeck2006absolute,
  title={Absolute coding of stimulus novelty in the human substantia nigra/VTA},
  author={Bunzeck, Nico and D{\"u}zel, Emrah},
  journal={Neuron},
  volume={51},
  number={3},
  pages={369--379},
  year={2006},
  publisher={Elsevier}
}

@article{skrebitskiui1999synaptic,
  title={Synaptic plasticity in learning and memory},
  author={Skrebitskii, VG and Chepkova, AN},
  journal={Uspekhi fiziologicheskikh nauk},
  volume={30},
  number={4},
  pages={3--13},
  year={1999}
}

@article{sossin1990dale,
  title={Dale's hypothesis revisited: different neuropeptides derived from a common prohormone are targeted to different processes.},
  author={Sossin, Wayne S and Sweet-Cordero, Alejandro and Scheller, Richard H},
  journal={Proceedings of the National Academy of Sciences},
  volume={87},
  number={12},
  pages={4845--4848},
  year={1990},
  publisher={National Acad Sciences}
}

@article{eccles1976electrical,
  title={From electrical to chemical transmission in the central nervous system},
  author={Eccles, John},
  journal={Notes and records of the Royal Society of London},
  volume={30},
  number={2},
  pages={219--230},
  year={1976},
  publisher={JSTOR}
}

@article{mill2011neurocomputational,
  title={A neurocomputational model of stimulus-specific adaptation to oddball and Markov sequences},
  author={Mill, Robert and Coath, Martin and Wennekers, Thomas and Denham, Susan L},
  journal={PLoS computational biology},
  volume={7},
  number={8},
  pages={e1002117},
  year={2011},
  publisher={Public Library of Science}
}

@article{bendixen2008rapid,
  title={Rapid extraction of auditory feature contingencies},
  author={Bendixen, Alexandra and Prinz, Wolfgang and Horv{\'a}th, J{\'a}nos and Trujillo-Barreto, Nelson J and Schr{\"o}ger, Erich},
  journal={Neuroimage},
  volume={41},
  number={3},
  pages={1111--1119},
  year={2008},
  publisher={Elsevier}
}

@article{tiitinen1994attentive,
  title={Attentive novelty detection in humans is governed by pre-attentive sensory memory},
  author={Tiitinen, Hannu and May, Patrick and Reinikainen, K and N{\"a}{\"a}t{\"a}nen, R},
  journal={Nature},
  volume={372},
  number={6501},
  pages={90},
  year={1994},
  publisher={Nature Publishing Group}
}

@article{paavilainen2007preattentive,
  title={Preattentive detection of nonsalient contingencies between auditory features},
  author={Paavilainen, Petri and Araj{\"a}rvi, Paula and Takegata, Rika},
  journal={Neuroreport},
  volume={18},
  number={2},
  pages={159--163},
  year={2007},
  publisher={LWW}
}

@article{naatanen1978early,
  title={Early selective-attention effect on evoked potential reinterpreted},
  author={N{\"a}{\"a}t{\"a}nen, R and Gaillard, Anthony WK and M{\"a}ntysalo, S},
  journal={Acta psychologica},
  volume={42},
  number={4},
  pages={313--329},
  year={1978},
  publisher={Elsevier}
}

@article{dasgupta2015self,
  title={Self-organization of computation in neural systems by interaction between homeostatic and synaptic plasticity},
  author={Dasgupta, Sakyasingha and Tetzlaff, Christian and Kulvicius, Tomas and W{\"o}rg{\"o}tter, Florentin},
  journal={BMC Neuroscience},
  volume={16},
  number={1},
  pages={O5},
  year={2015},
  publisher={BioMed Central}
}

@article{tetzlaff2015use,
  title={The use of Hebbian cell assemblies for nonlinear computation},
  author={Tetzlaff, Christian and Dasgupta, Sakyasingha and Kulvicius, Tomas and W{\"o}rg{\"o}tter, Florentin},
  journal={Scientific reports},
  volume={5},
  year={2015},
  publisher={Nature Publishing Group}
}

@article{bertschinger2004real,
  title={Real-time computation at the edge of chaos in recurrent neural networks},
  author={Bertschinger, Nils and Natschl{\"a}ger, Thomas},
  journal={Neural computation},
  volume={16},
  number={7},
  pages={1413--1436},
  year={2004},
  publisher={MIT Press}
}

@article{dudai2004neurobiology,
  title={The neurobiology of consolidations, or, how stable is the engram?},
  author={Dudai, Yadin},
  journal={Annu. Rev. Psychol.},
  volume={55},
  pages={51--86},
  year={2004},
  publisher={Annual Reviews}
}

@article{schroger1997detection,
  title={On the detection of auditory deviations: A pre-attentive activation model},
  author={Schr{\"o}ger, Erich},
  journal={Psychophysiology},
  volume={34},
  number={3},
  pages={245--257},
  year={1997},
  publisher={Wiley Online Library}
}

@article{moore1998cramming,
  title={Cramming more components onto integrated circuits},
  author={Moore, Gordon E},
  journal={Proceedings of the IEEE},
  volume={86},
  number={1},
  pages={82--85},
  year={1998},
  publisher={IEEE}
}

@article{osogami2017boltzmann,
  title={Boltzmann machines and energy-based models},
  author={Osogami, Takayuki},
  journal={arXiv preprint arXiv:1708.06008},
  year={2017}
}

@article{andrieu2003introduction,
  title={An introduction to MCMC for machine learning},
  author={Andrieu, Christophe and De Freitas, Nando and Doucet, Arnaud and Jordan, Michael I},
  journal={Machine learning},
  volume={50},
  number={1-2},
  pages={5--43},
  year={2003},
  publisher={Springer}
}

@article{pillai2005perron,
  title={The Perron-Frobenius theorem: some of its applications},
  author={Pillai, S Unnikrishna and Suel, Torsten and Cha, Seunghun},
  journal={IEEE Signal Processing Magazine},
  volume={22},
  number={2},
  pages={62--75},
  year={2005},
  publisher={IEEE}
}

@article{waldeyer1891ueber,
  title={Ueber einige neuere Forschungen im Gebiete der Anatomie des Centralnervensystems1},
  author={Waldeyer, Wilhelm},
  journal={DMW-Deutsche Medizinische Wochenschrift},
  volume={17},
  pages={1213--1218, 1244--1246, 1267--1269, 1287--1289, 1331--1332, 1352--1356},
  year={1891},
  publisher={{\copyright} Georg Thieme Verlag, Stuttgart}
}

@article{kempter1999hebbian,
  title={Hebbian learning and spiking neurons},
  author={Kempter, Richard and Gerstner, Wulfram and Van Hemmen, J Leo},
  journal={Physical Review E},
  volume={59},
  number={4},
  pages={4498},
  year={1999},
  publisher={APS}
}

@article{awatramani2005modulation,
  title={Modulation of transmitter release by presynaptic resting potential and background calcium levels},
  author={Awatramani, Gautam B and Price, Gareth D and Trussell, Laurence O},
  journal={Neuron},
  volume={48},
  number={1},
  pages={109--121},
  year={2005},
  publisher={Elsevier}
}

@article{kirschstein2009source,
  title={What is the Source of the EEG?},
  author={Kirschstein, Timo and K{\"o}hling, R{\"u}diger},
  journal={Clinical EEG and neuroscience},
  volume={40},
  number={3},
  pages={146--149},
  year={2009},
  publisher={SAGE Publications}
}

@article{zhang1998critical,
  title={A critical window for cooperation and competition among developing retinotectal synapses},
  author={Zhang, Li I and Tao, Huizhong W and Holt, Christine E and Harris, William A and Poo, Mu-ming},
  journal={Nature},
  volume={395},
  number={6697},
  pages={37--44},
  year={1998},
  publisher={Nature Publishing Group}
}

@article{sjostrom2010spike,
AUTHOR = {Sjöström, J.  and Gerstner, W. },
TITLE   = {{S}pike-timing dependent plasticity},
YEAR    = {2010},
JOURNAL = {Scholarpedia},
VOLUME  = {5},
NUMBER  = {2},
PAGES   = {1362},
DOI     = {10.4249/scholarpedia.1362},
NOTE    = {revision \#151671}
}

@article{turrigiano2004homeostatic,
  title={Homeostatic plasticity in the developing nervous system},
  author={Turrigiano, Gina G and Nelson, Sacha B},
  journal={Nature Reviews Neuroscience},
  volume={5},
  number={2},
  pages={97--107},
  year={2004},
  publisher={Nature Publishing Group}
}

@article{turrigiano2008self,
  title={The self-tuning neuron: synaptic scaling of excitatory synapses},
  author={Turrigiano, Gina G},
  journal={Cell},
  volume={135},
  number={3},
  pages={422--435},
  year={2008},
  publisher={Elsevier}
}

@article{turrigiano2012homeostatic,
  title={Homeostatic synaptic plasticity: local and global mechanisms for stabilizing neuronal function},
  author={Turrigiano, Gina},
  journal={Cold Spring Harbor perspectives in biology},
  volume={4},
  number={1},
  pages={a005736},
  year={2012},
  publisher={Cold Spring Harbor Lab}
}

@article{pozo2010unraveling,
  title={Unraveling mechanisms of homeostatic synaptic plasticity},
  author={Pozo, Karine and Goda, Yukiko},
  journal={Neuron},
  volume={66},
  number={3},
  pages={337--351},
  year={2010},
  publisher={Elsevier}
}

@article{abbott2000synaptic,
  title={Synaptic plasticity: taming the beast},
  author={Abbott, Larry F and Nelson, Sacha B},
  journal={Nature neuroscience},
  volume={3},
  pages={1178--1183},
  year={2000},
  publisher={Nature Publishing Group}
}

@article{miller1994role,
  title={The role of constraints in Hebbian learning},
  author={Miller, Kenneth D and MacKay, David JC},
  journal={Neural Computation},
  volume={6},
  number={1},
  pages={100--126},
  year={1994},
  publisher={MIT Press}
}

@article{williams2013homeostatic,
AUTHOR = {Williams, A. H and O'Leary, T.  and Marder, E. },
TITLE   = {{H}omeostatic {R}egulation of {N}euronal {E}xcitability},
YEAR    = {2013},
JOURNAL = {Scholarpedia},
VOLUME  = {8},
NUMBER  = {1},
PAGES   = {1656},
DOI     = {10.4249/scholarpedia.1656},
NOTE    = {revision \#140978}
}

@article{cudmore2008intrinsic,
AUTHOR = {Cudmore, R. H. and Desai, N. S.},
TITLE   = {{I}ntrinsic plasticity},
YEAR    = {2008},
JOURNAL = {Scholarpedia},
VOLUME  = {3},
NUMBER  = {2},
PAGES   = {1363},
DOI     = {10.4249/scholarpedia.1363},
NOTE    = {revision \#89024}
}

@article{rosenblatt1958perceptron,
  title={The perceptron: A probabilistic model for information storage and organization in the brain.},
  author={Rosenblatt, Frank},
  journal={Psychological review},
  volume={65},
  number={6},
  pages={386},
  year={1958},
  publisher={American Psychological Association}
}

@article{hinton2006fast,
  title={A fast learning algorithm for deep belief nets},
  author={Hinton, Geoffrey E and Osindero, Simon and Teh, Yee-Whye},
  journal={Neural computation},
  volume={18},
  number={7},
  pages={1527--1554},
  year={2006},
  publisher={MIT Press}
}

@inproceedings{schrauwen2007overview,
  title={An overview of reservoir computing: theory, applications and implementations},
  author={Schrauwen, Benjamin and Verstraeten, David and Van Campenhout, Jan},
  booktitle={Proceedings of the 15th European Symposium on Artificial Neural Networks. p. 471-482 2007},
  pages={471--482},
  year={2007}
}

@inproceedings{norton2006preparing,
  title={Preparing more effective liquid state machines using hebbian learning},
  author={Norton, David and Ventura, Dan},
  booktitle={Neural Networks, 2006. IJCNN'06. International Joint Conference on},
  pages={4243--4248},
  year={2006},
  organization={IEEE}
}

@article{dan2006spike,
  title={Spike timing-dependent plasticity: from synapse to perception},
  author={Dan, Yang and Poo, Mu-Ming},
  journal={Physiological reviews},
  volume={86},
  number={3},
  pages={1033--1048},
  year={2006},
  publisher={Am Physiological Soc}
}

@article{peracchia1977gap,
  title={Gap junction structure and function},
  author={Peracchia, Camillo},
  journal={Trends in Biochemical Sciences},
  volume={2},
  number={2},
  pages={26--31},
  year={1977},
  publisher={Elsevier}
}

@article{gavornik2014learned,
  title={Learned spatiotemporal sequence recognition and prediction in primary visual cortex},
  author={Gavornik, Jeffrey P and Bear, Mark F},
  journal={Nature neuroscience},
  volume={17},
  number={5},
  pages={732--737},
  year={2014},
  publisher={Nature Research}
}

@article{goris2014partitioning,
  title={Partitioning neuronal variability},
  author={Goris, Robbe LT and Movshon, J Anthony and Simoncelli, Eero P},
  journal={Nature neuroscience},
  volume={17},
  number={6},
  pages={858--865},
  year={2014},
  publisher={Nature Research}
}

@article{clements1996transmitter,
  title={Transmitter timecourse in the synaptic cleft: its role in central synaptic function},
  author={Clements, JD},
  journal={Trends in neurosciences},
  volume={19},
  number={5},
  pages={163--171},
  year={1996},
  publisher={Elsevier}
}

@article{kenet2003spontaneously,
  title={Spontaneously emerging cortical representations of visual attributes},
  author={Kenet, Tal and Bibitchkov, Dmitri and Tsodyks, Misha and Grinvald, Amiram and Arieli, Amos},
  journal={Nature},
  volume={425},
  number={6961},
  pages={954--956},
  year={2003},
  publisher={Nature Publishing Group}
}

@article{savtchenko2007optimal,
  title={The optimal height of the synaptic cleft},
  author={Savtchenko, Leonid P and Rusakov, Dmitri A},
  journal={Proceedings of the National Academy of Sciences},
  volume={104},
  number={6},
  pages={1823--1828},
  year={2007},
  publisher={National Acad Sciences}
}

@article{yasumatsu2008principles,
  title={Principles of long-term dynamics of dendritic spines},
  author={Yasumatsu, Nobuaki and Matsuzaki, Masanori and Miyazaki, Takashi and Noguchi, Jun and Kasai, Haruo},
  journal={Journal of Neuroscience},
  volume={28},
  number={50},
  pages={13592--13608},
  year={2008},
  publisher={Soc Neuroscience}
}

@article{zheng2013network,
  title={Network self-organization explains the statistics and dynamics of synaptic connection strengths in cortex},
  author={Zheng, Pengsheng and Dimitrakakis, Christos and Triesch, Jochen},
  journal={PLoS computational biology},
  volume={9},
  number={1},
  pages={e1002848},
  year={2013},
  publisher={Public Library of Science}
}

@article{fu2002temporal,
  title={Temporal specificity in the cortical plasticity of visual space representation},
  author={Fu, Yu-Xi and Djupsund, Kaj and Gao, Hongfeng and Hayden, Benjamin and Shen, Kai and Dan, Yang},
  journal={Science},
  volume={296},
  number={5575},
  pages={1999--2003},
  year={2002},
  publisher={American Association for the Advancement of Science}
}

@article{yao2007rapid,
  title={Rapid learning in cortical coding of visual scenes},
  author={Yao, Haishan and Shi, Lei and Han, Feng and Gao, Hongfeng and Dan, Yang},
  journal={Nature neuroscience},
  volume={10},
  number={6},
  pages={772--778},
  year={2007},
  publisher={Nature Publishing Group}
}

@article{yao2001stimulus,
  title={Stimulus timing-dependent plasticity in cortical processing of orientation},
  author={Yao, Haishan and Dan, Yang},
  journal={Neuron},
  volume={32},
  number={2},
  pages={315--323},
  year={2001},
  publisher={Elsevier}
}

@article{hartmann2015s,
  title={Where’s the noise? key features of spontaneous activity and neural variability arise through learning in a deterministic network},
  author={Hartmann, Christoph and Lazar, Andreea and Nessler, Bernhard and Triesch, Jochen},
  journal={PLoS computational biology},
  volume={11},
  number={12},
  pages={e1004640},
  year={2015},
  publisher={Public Library of Science}
}

@article{jaeger2004harnessing,
  title={Harnessing nonlinearity: Predicting chaotic systems and saving energy in wireless communication},
  author={Jaeger, Herbert and Haas, Harald},
  journal={science},
  volume={304},
  number={5667},
  pages={78--80},
  year={2004},
  publisher={American Association for the Advancement of Science}
}

@article{maass2002real,
  title={Real-time computing without stable states: A new framework for neural computation based on perturbations},
  author={Maass, Wolfgang and Natschl{\"a}ger, Thomas and Markram, Henry},
  journal={Neural computation},
  volume={14},
  number={11},
  pages={2531--2560},
  year={2002},
  publisher={MIT Press}
}

@article{lukovsevivcius2009reservoir,
  title={Reservoir computing approaches to recurrent neural network training},
  author={Luko{\v{s}}evi{\v{c}}ius, Mantas and Jaeger, Herbert},
  journal={Computer Science Review},
  volume={3},
  number={3},
  pages={127--149},
  year={2009},
  publisher={Elsevier}
}

@phdthesis{lazarphd2009self,
  title={Self-organizing recurrent neural networks.},
  author={Lazar, Andreea},
  year={2009},
  school={Citeseer}
}

@article{maass2004computational,
  title={On the computational power of circuits of spiking neurons},
  author={Maass, Wolfgang and Markram, Henry},
  journal={Journal of computer and system sciences},
  volume={69},
  number={4},
  pages={593--616},
  year={2004},
  publisher={Elsevier}
}

@article{lazar2009sorn,
  title={SORN: a self-organizing recurrent neural network},
  author={Lazar, Andreea and Pipa, Gordon and Triesch, Jochen},
  journal={Frontiers in computational neuroscience},
  volume={3},
  pages={23},
  year={2009},
  publisher={Frontiers}
}

@article{aswolinskiy2015rm,
  title={RM-SORN: a reward-modulated self-organizing recurrent neural network},
  author={Aswolinskiy, Witali and Pipa, Gordon},
  journal={Frontiers in computational neuroscience},
  volume={9},
  pages={36},
  year={2015},
  publisher={Frontiers}
}
